@article{massot2021formalize,
  title={Why formalize mathematics?},
  author={Massot, Patrick},
  year={2021}
}


@article{rouy1992viscosity,
  title={A viscosity solutions approach to shape-from-shading},
  author={Rouy, Elisabeth and Tourin, Agnes},
  journal={SIAM Journal on Numerical Analysis},
  volume={29},
  number={3},
  pages={867--884},
  year={1992},
  publisher={SIAM}
}

@article{sethian1996fast,
  title={A fast marching level set method for monotonically advancing fronts.},
  author={Sethian, James A},
  journal={Proceedings of the National Academy of Sciences},
  volume={93},
  number={4},
  pages={1591--1595},
  year={1996},
  publisher={National Acad Sciences}
}

@article{sethian1999fast,
  title={Fast marching methods},
  author={Sethian, James A},
  journal={SIAM review},
  volume={41},
  number={2},
  pages={199--235},
  year={1999},
  publisher={SIAM}
}

@article{tsitsiklis1995efficient,
  title={Efficient algorithms for globally optimal trajectories},
  author={Tsitsiklis, John N},
  journal={IEEE transactions on Automatic Control},
  volume={40},
  number={9},
  pages={1528--1538},
  year={1995},
  publisher={IEEE}
}